<record><leader>00000cas a22000007a 4500</leader><controlfield tag="001">15680233</controlfield><controlfield tag="008">870513d18991902iauwr ne      0    0eng d</controlfield><datafield ind1=" " ind2=" " tag="010"><subfield code="a">sn 87058219 </subfield></datafield><datafield ind1=" " ind2=" " tag="040"><subfield code="a">INP</subfield><subfield code="b">eng</subfield><subfield code="c">INP</subfield><subfield code="d">OCLCQ</subfield></datafield><datafield ind1=" " ind2=" " tag="042"><subfield code="a">msc</subfield></datafield><datafield ind1="0" ind2="4" tag="245"><subfield code="a">The Enterprise index.</subfield></datafield><datafield ind1="1" ind2="3" tag="246"><subfield code="a">West Liberty index</subfield></datafield><datafield ind1=" " ind2=" " tag="260"><subfield code="a">West Liberty, Iowa :</subfield><subfield code="b">J.W. McElravy,</subfield><subfield code="c">1899-1902.</subfield></datafield><datafield ind1=" " ind2=" " tag="300"><subfield code="a">5 v.</subfield></datafield><datafield ind1=" " ind2=" " tag="310"><subfield code="a">Weekly</subfield></datafield><datafield ind1="0" ind2=" " tag="362"><subfield code="a">Vol. 18, no. 11 (Jan. 19, 1899)-v. 22, no. 1 [(Nov. 13, 1902)].</subfield></datafield><datafield ind1=" " ind2=" " tag="500"><subfield code="a">Title varies slightly.</subfield></datafield><datafield ind1=" " ind2=" " tag="500"><subfield code="a">Publisher varies.</subfield></datafield><datafield ind1=" " ind2=" " tag="515"><subfield code="a">Vol. 22, no. 1 (Nov. 13, 1902) misdated Nov. 6, 1902.</subfield></datafield><datafield ind1=" " ind2=" " tag="752"><subfield code="a">United States</subfield><subfield code="b">Iowa</subfield><subfield code="c">Muscatine</subfield><subfield code="d">West Liberty.</subfield></datafield><datafield ind1="0" ind2="0" tag="780"><subfield code="t">West Liberty index (West Liberty, Iowa : 1893)</subfield><subfield code="w">(DLC)sn 87058218</subfield></datafield><datafield ind1="0" ind2="0" tag="785"><subfield code="t">West Liberty enterprise (West Liberty, Iowa : 1902)</subfield><subfield code="w">(DLC)sn 87058220</subfield></datafield></record>